<marc:record xmlns:marc="http://www.loc.gov/MARC21/slim" xmlns:xsi="http://www.w3.org/2001/XMLSchema-instance" xsi:schemaLocation="http://www.loc.gov/MARC21/slim http://www.loc.gov/standards/marcxml/schema/MARC21slim.xsd"><marc:leader>00645nkm a2200217 a 45 0</marc:leader><marc:controlfield tag="001">1018780</marc:controlfield><marc:controlfield tag="003">NL-AMISG</marc:controlfield><marc:controlfield tag="005">19980203115545.0</marc:controlfield><marc:controlfield tag="008">199802s1984uuuu||||||||||||||||||||||| d</marc:controlfield><marc:datafield ind1=" " ind2=" " tag="035"><marc:subfield code="a">(IISG)IISGb10794573</marc:subfield></marc:datafield><marc:datafield ind1=" " ind2=" " tag="040"><marc:subfield code="a">NL-AmISG</marc:subfield></marc:datafield><marc:datafield ind1="1" ind2=" " tag="100"><marc:subfield code="a">Veelenturf, Kitty,</marc:subfield><marc:subfield code="e">designer.</marc:subfield><marc:subfield code="0">(NL-AMISG)332749</marc:subfield></marc:datafield><marc:datafield ind1="1" ind2="0" tag="245"><marc:subfield code="a">Help Nicaragua onder dak.</marc:subfield><marc:subfield code="k">Visual document.</marc:subfield></marc:datafield><marc:datafield ind1=" " ind2=" " tag="260"><marc:subfield code="c">1984</marc:subfield><marc:subfield code="e">(Utrecht :</marc:subfield><marc:subfield code="f">Nicaragua Komitee Nederland,</marc:subfield><marc:subfield code="g">1984)</marc:subfield></marc:datafield><marc:datafield ind1=" " ind2=" " tag="300"><marc:subfield code="g">42x59 cm.</marc:subfield></marc:datafield><marc:datafield ind1=" " ind2=" " tag="500"><marc:subfield code="a">Kleur- en bouwplaat.</marc:subfield></marc:datafield><marc:datafield ind1=" " ind2=" " tag="542"><marc:subfield code="m">closed</marc:subfield></marc:datafield><marc:datafield ind1=" " ind2="4" tag="648"><marc:subfield code="a">1984-1984.</marc:subfield><marc:subfield code="0">(NL-AMISG)369875</marc:subfield></marc:datafield><marc:datafield ind1=" " ind2="4" tag="651"><marc:subfield code="a">Netherlands.</marc:subfield><marc:subfield code="0">(NL-AMISG)569282</marc:subfield></marc:datafield><marc:datafield ind1=" " ind2="4" tag="655"><marc:subfield code="a">Design.</marc:subfield><marc:subfield code="0">(NL-AMISG)226102</marc:subfield></marc:datafield><marc:datafield ind1=" " ind2=" " tag="695"><marc:subfield code="a">NED</marc:subfield><marc:subfield code="e">Nederland.</marc:subfield></marc:datafield><marc:datafield ind1="1" ind2=" " tag="700"><marc:subfield code="a">Schout, Leo.</marc:subfield><marc:subfield code="0">(NL-AMISG)296468</marc:subfield></marc:datafield><marc:datafield ind1="2" ind2=" " tag="710"><marc:subfield code="a">Nicaragua Komitee Nederland.</marc:subfield><marc:subfield code="0">(NL-AMISG)168219</marc:subfield></marc:datafield><marc:datafield ind1="2" ind2=" " tag="711"><marc:subfield code="0">(NL-AMISG)2541</marc:subfield><marc:subfield code="a">Actie Nicaragua</marc:subfield><marc:subfield code="(1984)">e</marc:subfield></marc:datafield><marc:datafield ind1="4" ind2=" " tag="852"><marc:subfield code="a">IISG</marc:subfield><marc:subfield code="b">IISG</marc:subfield><marc:subfield code="c">IISG</marc:subfield><marc:subfield code="j">BG D28/951-2</marc:subfield><marc:subfield code="n">Available</marc:subfield><marc:subfield code="p">10622/30051000815966</marc:subfield></marc:datafield><marc:datafield ind1=" " ind2=" " tag="901"><marc:subfield code="a">1018780</marc:subfield><marc:subfield code="b">Unknown</marc:subfield><marc:subfield code="c">1018780</marc:subfield><marc:subfield code="t">biblio</marc:subfield></marc:datafield><marc:datafield ind1=" " ind2=" " tag="902"><marc:subfield code="a">10622/38D7A512-CF42-4790-9AA0-E84BA17B061E</marc:subfield></marc:datafield></marc:record>